@online{Chemie.de-Wärmekapazität,
url = {https://www.chemie.de/lexikon/Spezifische_W\%C3\%A4rmekapazit\%C3\%A4t.html},
urldate = {2020-11-01},
title = {Literaturwert für spezifische Wärmekapazität von Wasser},
year = {2020},
}

@manual{V14,
title = {Versuchsanleitung zu Versuch V14},
year = {2022},
organization = {Fakultät Phyik, TU Dortmund},
}

@online{Zerfall,
url = {https://www.leifiphysik.de/kern-teilchenphysik/radioaktivitaet-fortfuehrung/versuche/gammaspektrum-von-cs-137},
urldate = {2022-20-04},
title = {Abbildung für den Zerfall von Cs-137},
year = {2022},
}




