@online{Chemie.de-Wärmekapazität,
url = {https://www.chemie.de/lexikon/Spezifische_W\%C3\%A4rmekapazit\%C3\%A4t.html},
urldate = {2020-11-01},
title = {Literaturwert für spezifische Wärmekapazität von Wasser},
year = {2020},
}

@manual{V60,
title = {Versuchsanleitung zu Versuch V60},
year = {2022},
organization = {Fakultät Phyik, TU Dortmund},
}


@online{Git,
url = {https://github.com/smjhnits/Praktikum_TU_D_16-17/tree/master/Fortgeschrittenenpraktikum/Protokolle/V60_Diodenlaser/Pics},
urldate = {2022-06-09},
title = {Bilder von Jonah Elias Nitschke zum Versuchsaufbau},
year = {2019},
}

